@BOOK{aharoni1996,
AUTHOR = {A. Aharoni},
TITLE = {Introduction to the Theory of Ferromagnetism},
PUBLISHER = {Oxford},
ADDRESS = {New York},
YEAR = 1996
}

@ARTICLE{aharoni1998,
AUTHOR = {A. Aharoni},
TITLE = {Demagnetizing Factors for Rectangular Ferromagnetic Prisms},
JOURNAL = {J.\ App.\ Phys.},
VOLUME = {83},
PAGES = {3432--3434},
YEAR = 1998
}

@ARTICLE{berkov1993,
AUTHOR = {D. V. Berkov and K. Ramst\"{o}ck and A. Hubert},
TITLE = {Solving Micromagnetic Problems: Towards an Optimal Numerical
         Method},
JOURNAL = {Phys.\ Stat.\ Sol.\ (a)},
VOLUME = {137},
PAGES = {207--222},
YEAR = 1993
}

@BOOK{brown1963,
AUTHOR = {Brown, Jr., William Fuller},
TITLE = {Micromagnetics},
PUBLISHER = {J. Wiley},
ADDRESS = {New York},
YEAR = 1963
}

@ARTICLE{donahue1997,
AUTHOR = {M. J. Donahue and R. D. McMichael},
TITLE = {Exchange Energy Representations in Computational
         Micromagnetics},
JOURNAL = {Physica B},
VOLUME = {233},
PAGES = {272--278},
YEAR = 1997
}

@TECHREPORT{donahue1999,
AUTHOR = {M. J. Donahue and D. G. Porter},
TITLE = {{OOMMF} User's Guide, Version 1.0},
INSTITUTION = "National Institute of Standards and Technology",
NUMBER = {NISTIR 6376},
ADDRESS = "Gaithersburg, MD",
YEAR = 1999
}

@ARTICLE{dormand1980,
AUTHOR = {J. R. Dormand and P. J. Prince},
TITLE = {A Family of Embedded {R}unge-{K}utta Formulae},
JOURNAL = {J. Comp.\ Appl.\ Math.},
VOLUME = {6},
PAGES = {19--26},
YEAR = 1980
}

@ARTICLE{dormand1986,
AUTHOR = {J. R. Dormand and P. J. Prince},
TITLE = {A Reconsideration of Some Embedded {R}unge-{K}utta Formulae},
JOURNAL = {J. Comp.\ Appl.\ Math.},
VOLUME = {15},
PAGES = {203--211},
YEAR = 1986
}

@ARTICLE{fidler2000,
AUTHOR = {J. Fidler and T. Schrefl},
TITLE = {Micromagnetic modelling --- the current state of the art},
JOURNAL = {J. Phys.\ D: Appl.\ Phys.},
VOLUME = {33},
PAGES = {R135--R156},
YEAR = 2000
}

@ARTICLE{gilbert1955,
AUTHOR = {T. L. Gilbert},
TITLE = {A {Lagrangian} Formulation of the Gyromagnetic Equation of the
         Magnetization Field},
JOURNAL = {Phys.\ Rev.},
VOLUME = {100},
PAGES = {1243},
YEAR = 1955
}

@ARTICLE{gillette1958,
AUTHOR = {P. R. Gillette and K. Oshima},
TITLE = {Magnetization Reversal by Rotation},
JOURNAL = {J.\ Appl.\ Phys.},
VOLUME = {29},
PAGES = {529--531},
YEAR = 1958
}

@ARTICLE{landau1935,
AUTHOR = {L. Landau and E. Lifshitz},
TITLE = {On the Theory of the Dispersion of Magnetic Permeability in
         Ferromagnetic Bodies},
JOURNAL = {Physik.\ Z.\ Sowjetunion},
VOLUME = {8},
PAGES = {153--169},
YEAR = 1935
}

@ARTICLE{lebecki2008,
AUTHOR = {K. M. Lebecki and M. J. Donahue and M. W. Gutowski},
TITLE = {Periodic boundary conditions for demagnetization interactions
  in micromagnetic simulations},
JOURNAL = {J. Phys.\ D: Appl.\ Phys.},
VOLUME = {41},
PAGES = {175005},
YEAR = 2008
}

@ARTICLE{mcmichael1997,
AUTHOR = {R. D. McMichael and M. J. Donahue},
TITLE = {Head to Head Domain Wall Structures in Thin Magnetic Strips},
JOURNAL = {IEEE Trans.\ Mag.},
VOLUME = {33},
PAGES = {4167--4169},
YEAR = 1997
}

@ARTICLE{neel1955,
AUTHOR = {L. N\'eel},
TITLE = {Some Theoretical Aspects of Rock Magnetism},
JOURNAL = {Adv.\ Phys.},
VOLUME = 4,
PAGES = {191--242},
YEAR = 1955
}

@ARTICLE{newell1993,
AUTHOR = {A. J. Newell and W. Williams and D. J. Dunlop},
TITLE = {A Generalization of the Demagnetizing Tensor for Nonuniform
         Magnetization},
JOURNAL = {J. Geophysical Research - Solid Earth},
VOLUME = {98},
PAGES = {9551--9555},
YEAR = 1993
}

@ARTICLE{porter2001,
AUTHOR = {D. G. Porter and M. J. Donahue},
TITLE = {Generalization of a Two-Dimensional Micromagnetic Model to
         Non-Uniform Thickness},
JOURNAL = {Journal of Applied Physics},
VOLUME = {89},
PAGES = {7257--7259},
YEAR = 2001
}

@ARTICLE{scheinfein1991,
AUTHOR = {M. R. Scheinfein and J. Unguris and J. L. Blue and
          K. J. Coakley and D. T. Pierce and R. J. Celotta},
TITLE = {Micromagnetics of Domain Walls at Surfaces},
JOURNAL = {Phys.\ Rev.\ B},
VOLUME = {43},
PAGES = {3395--3422},
YEAR = 1991
}

@BOOK{stoer1993,
AUTHOR = {J. Stoer and R. Bulirsch},
TITLE = {Introduction to Numerical Analysis},
Edition = {2nd},
PUBLISHER = {Springer},
ADDRESS = {New York},
YEAR = 1993
}

@ARTICLE{stoner1948,
AUTHOR = {E. C. Stoner and E. P. Wohlfarth},
TITLE = {A Mechanism of Magnetic Hysteresis in Heterogeneous Alloys},
JOURNAL = {Phil.\ Trans.\ Royal Soc.\ London},
VOLUME = {A240},
PAGES = {599--642},
YEAR = 1948
}

@ARTICLE{xiao2004,
AUTHOR = {J. Xiao and A. Zangwill and M. D. Stiles},
TITLE = {{Boltzmann} test of {Slonczewski's} theory of spin-transfer torque},
JOURNAL = {Phys.\ Rev.\ B},
VOLUME = {70},
PAGES = {172405},
EID = {172405},
NUMPAGES = {4},
YEAR = 2004
}

@BOOK{welch2000,
AUTHOR = {Brent B. Welch},
TITLE = {Practical Programming in {Tcl} and {Tk}},
PUBLISHER = {Prentice Hall},
EDITION = {3rd},
ADDRESS = {Upper Saddle River, New Jersey USA},
YEAR = 2000
}

%%%%%%%%%%%%%%%%%%%%%%%%%%%%%%% NEW ADDITIONS %%%%%%%%%%%%%%%%%%%%%%

@ARTICLE{zhang2004,
AUTHOR = {S. Zhang and Z. Li},
TITLE = {Roles of nonequilibrium conduction electrons on the magnetization dynamics of ferromagnets},
JOURNAL = {Phys\. Rev.\ Lett.},
VOLUME = {93},
PAGES = {127204},
NUMPAGES = 4,
YEAR = 2004,
DOI = {10.1103/PhysRevLett.93.127204}
}

@ARTICLE{thiaville2005,
AUTHOR = {A. Thiaville and Y. Nakatani and J. Miltat and Y. Suzuki},
TITLE = {Micromagnetic understanding of current-driven domain wall motion in patterned nanowires},
JOURNAL = {Europhys.\ Lett.},
VOLUME = {69},
PAGES = {990--996},
YEAR = 2005,
DOI = {10.1209/epl/i2004-10452-6}
}

@ARTICLE{thiaville2012,
AUTHOR = {Andr{\'{e}} Thiaville and Stanislas Rohart and {\'{E}}milie Ju{\'{e}} and Vincent Cros and Albert Fert},
TITLE = {Dynamics of {Dzyaloshinskii} domain walls in ultrathin magnetic films},
JOURNAL = {Europhys.\ Lett.},
VOLUME = {100},
PAGES = {57002},
NUMPAGES = 6,
YEAR = 2012,
DOI = {10.1209/0295-5075/100/57002}
}


@ARTICLE{weiss1906,
AUTHOR = {Pierre-Ernest Weiss},
TITLE =  {La Variation du Ferro-Magn\'etisme avec la Temp\'erature},
JOURNAL = {Comptes Rendus},
VOLUME = 143,
PAGES = {1136--1149},
YEAR = 1906,
}

@ARTICLE{labonte1969,
AUTHOR = {A. E. LaBonte},
TITLE =  {Two‐Dimensional {B}loch‐Type Domain Walls in Ferromagnetic Films},
JOURNAL = {Journal of Applied Physics},
VOLUME =  40,
PAGES = {2450--2458},
YEAR = 1969,
DOI = {10.1063/1.1658014}
}

@ARTICLE{brown1940,
AUTHOR = {Brown, Jr., William Fuller},
TITLE =  {Theory of the Approach to Magnetic Saturation},
JOURNAL = {Physical Review},
VOLUME =  58,
PAGES = {736--743},
YEAR = 1940,
DOI = {10.1103/PhysRev.58.736}
}


@ARTICLE{slonczewski1996,
AUTHOR = {Slonczewski, John C.},
TITLE =  {Current-Driven Excitation of Magnetic Multilayers},
JOURNAL = {Journal of Magnetism and Magnetic Materials},
VOLUME =  159,
PAGES = {L1--L2},
YEAR = 1996,
DOI = {10.1016/0304-8853(96)00062-5},
}

@ARTICLE{garciapalacios1998,
AUTHOR = {L. Garcia-Palacios and F.J. Lazaro},
TITLE =  {Langevin-Dynamics Study of the Dynamical Properties of Small Magnetic Particles},
JOURNAL = {Physical Review B},
VOLUME = 58,
PAGES = {14937--14958},
YEAR = 1998,
DOI = {10.1103/PhysRevB.58.14937}
}


@misc{stdprob2mumag1998,
AUTHOR = {Tom Koehler and H. Neal Bertram and Alfred Liu and Chris Seberino and Robert D. McMichael},
TITLE = {{muMAG} Standard Problem No.\ 2},
YEAR = {1998},
URL = {https://www.ctcms.nist.gov/~rdm/std2/spec2.html},
NOTE = {[Online; accessed 18-July-2022]}
}


@misc{stdprob3mumag1998,
AUTHOR = {Alex Hubert},
TITLE = {{muMAG} Standard Problem No.\ 3},
YEAR = {1998},
URL = {https://www.ctcms.nist.gov/~rdm/std2/spec3.html},
NOTE = {[Online; accessed 18-July-2022]}
}

@misc{stdprob4mumag2000,
AUTHOR = {Robert D. McMichael and Roger Koch and Thomas Schrefl and Jason Eicke},
TITLE = {{muMAG} Standard Problem No.\ 4},
YEAR = {2000},
URL = {https://www.ctcms.nist.gov/~rdm/std2/spec4.html},
NOTE = {[Online; accessed 18-July-2022]}
}

@misc{stdprob5mumag2014,
AUTHOR = {M. Najafi and D. G. Porter},
TITLE = {{muMAG} Standard Problem No.\ 5},
YEAR = {2014},
URL = {https://www.ctcms.nist.gov/~rdm/std2/spec5.html},
NOTE = {[Online; accessed 18-July-2022]}
}
