@BOOK{brown1963,
AUTHOR = {Brown, Jr., William Fuller},
TITLE = {Micromagnetics},
PUBLISHER = {J. Wiley},
ADDRESS = {New York},
YEAR = 1963
}

@TECHREPORT{donahue1999,
AUTHOR = {M. J. Donahue and D. G. Porter},
TITLE = "{OOMMF} User's Guide, Version 1.0",
INSTITUTION = "National Institute of Standards and Technology",
NUMBER = {NISTIR 6376},
ADDRESS = "Gaithersburg, MD",
YEAR = 1999
}
